 @Manual{foreach2015,
    title = {{{f}}oreach: Provides foreach looping construct},
    author = {{Microsoft Corporation} and Steve Weston},
    year = {2019},
    note = {R package version 1.4.7},
    url = {https://CRAN.R-project.org/package=foreach},
  }
@Manual{doparallel2015,
    title = {{{d}}o{P}arallel: Foreach parallel adaptor for the 'parallel' package},
    author = {{Microsoft Corporation} and Steve Weston},
    year = {2019},
    note = {R package version 1.0.15},
    url = {https://CRAN.R-project.org/package=doParallel},
  }
@Manual{hts2016,
    title = {{{h}}ts: {H}ierarchical and grouped time series},
    author = {Rob J Hyndman and Earo Wang and Alan Lee and Shanika Wickramasuriya},
    year = {2016},
    note = {R package version 5.0},
    url = {https://CRAN.R-project.org/package=hts},
}

@Manual{Matrix2014,
    title = {Matrix: Sparse and dense matrix classes and methods},
    author = {Douglas Bates and Martin Maechler},
    year = {2016},
    note = {R package version 1.2-7.1},
    url = {https://CRAN.R-project.org/package=Matrix},
}
@Manual{SparseM2014,
    title = {Sparse{M}: Sparse linear algebra},
    author = {Roger Koenker and Pin Ng},
    year = {2016},
    note = {R package version 1.72},
    url = {https://CRAN.R-project.org/package=SparseM},
}
@Article{RcppEigen2013,
    title = {Fast and elegant numerical linear algebra using the {RcppEigen} package},
    author = {Douglas Bates and Dirk Eddelbuettel},
    journal = {Journal of Statistical Software},
    year = {2013},
    volume = {52},
    number = {5},
}
@Manual{forecast2016,
    title = {{{f}}orecast: {F}orecasting functions for time series and linear models},
    author = {Rob J Hyndman},
    year = {2019},
    note = {R package version 8.5},
    url = {https://pkg.robjhyndman/forecast},
}
@Manual{quadprog2013,
    title = {{{q}}uadprog: {F}unctions to solve quadratic programming problems.},
    author = {Berwin A. Turlach and Andreas Weingessel},
    year = {2019},
    note = {R package version 1.5-7},
    url = {https://CRAN.R-project.org/package=quadprog},
 }
@Manual{SHIP2013,
  title = {{SHIP}: {SH}rinkage covariance {I}ncorporating {P}rior knowledge},
  author = {Monika Jelizarow and Vincent Guillemot},
  year = {2013},
  note = {R package version 1.0.2},
  url = {https://CRAN.R-project.org/package=SHIP},
}
