 @Manual{foreach2015,
    title = {{{f}}oreach: {P}rovides {F}oreach {L}ooping {C}onstruct for {R}},
    author = {{Revolution Analytics} and Steve Weston},
    year = {2015},
    note = {R package version 1.4.3},
    url = {https://CRAN.R-project.org/package=foreach},
  }
@Manual{doparallel2015,
    title = {{{d}}o{P}arallel: {F}oreach {P}arallel {A}daptor for the 'parallel' {P}ackage},
    author = {{Revolution Analytics} and Steve Weston},
    year = {2015},
    note = {R package version 1.0.10},
    url = {https://CRAN.R-project.org/package=doParallel},
  }
@Manual{hts2016,
    title = {{{h}}ts: {H}ierarchical and {G}rouped {T}ime {S}eries},
    author = {Rob J Hyndman and Earo Wang and Alan Lee and Shanika Wickramasuriya},
    year = {2016},
    note = {R package version 5.0},
    url = {https://CRAN.R-project.org/package=hts},
}

@Manual{Matrix2014,
    title = {Matrix: {S}parse and {D}ense {M}atrix {C}lasses and {M}ethods},
    author = {Douglas Bates and Martin Maechler},
    year = {2016},
    note = {R package version 1.2-7.1},
    url = {https://CRAN.R-project.org/package=Matrix},
}
@Manual{SparseM2014,
    title = {Sparse{M}: {S}parse {L}inear {A}lgebra},
    author = {Roger Koenker and Pin Ng},
    year = {2016},
    note = {R package version 1.72},
    url = {https://CRAN.R-project.org/package=SparseM},
}
@Article{RcppEigen2013,
    title = {Fast and elegant numerical linear algebra using the {RcppEigen} package},
    author = {Douglas Bates and Dirk Eddelbuettel},
    journal = {Journal of Statistical Software},
    year = {2013},
    volume = {52},
    number = {5},
}
@Manual{forecast2016,
    title = {{{f}}orecast: {F}orecasting functions for time series and linear models},
    author = {Rob J Hyndman},
    year = {2019},
    note = {R package version 8.5},
    url = {https://pkg.robjhyndman/forecast},
}
@Manual{quadprog2013,
    title = {{{q}}uadprog: {F}unctions to solve {Q}uadratic {P}rogramming {P}roblems.},
    author = {Berwin A. Turlach and Andreas Weingessel},
    year = {2013},
    note = {R package version 1.5-5},
    url = {https://CRAN.R-project.org/package=quadprog},
 }
@Manual{LOREC2014,
  title = {{{l}}orec: {LO}w {R}ank and spars{E} {C}ovariance matrix estimation},
  author = {Xi Luo},
  year = {2014},
  note = {R package version 0.6.1},
  url = {https://CRAN.R-project.org/package=lorec},
}
@Manual{CondReg2014,
  title = {Cond{R}eg: {C}ondition {N}umber {R}egularized {C}ovariance {E}stimation},
  author = {Sang-Yun Oh and Joong-Ho Won},
  year = {2014},
  note = {R package version 0.20},
  url = {https://CRAN.R-project.org/package=CondReg},
}
@Manual{SHIP2013,
  title = {{SHIP}: {SH}rinkage covariance {I}ncorporating {P}rior knowledge},
  author = {Monika Jelizarow and Vincent Guillemot},
  year = {2013},
  note = {R package version 1.0.2},
  url = {https://CRAN.R-project.org/package=SHIP},
}
@Manual{POET2012,
  title = {{POET}: {P}rincipal {O}rthogonal {C}ompl{E}ment {T}hresholding ({POET}) method},
  author = {Jianqing Fan and Yuan Luo and Martina Mincheva},
  year = {2012},
  note = {R package version 1.0},
  url = {https://cran.r-project.org/src/contrib/Archive/POET},
}
@Manual{PDSCE2013,
  title = {{PDSCE}: {P}ositive definite sparse covariance estimators},
  author = {Adam J. Rothman},
  year = {2013},
  note = {R package version 1.2},
  url = {https://CRAN.R-project.org/package=PDSCE},
}