% Encoding: UTF-8
@article{Bai2003,
author = {Bai, Jushan},
journal = {Econometrica},
number = {1},
pages = {135--171},
title = {{Inferential theory for factor models of large dimensions}},
volume = {71},
year = {2003}
}
@book{Chatfield2000,
address = {New York, NY},
author = {Chatfield, Chris},
edition = {1},
publisher = {Chapman and Hall},
title = {{Time-Series Forecasting}},
year = {2000}
}
@ARTICLE{Wick2018,
title   = "Optimal forecast reconciliation of hierarchical and grouped time series through trace minimization",
author = "Wickramasuriya, Shanika L and Athanasopoulos, George and Hyndman, Rob J",
journal = "Journal of the American Statistical Association",
year    =  {2019},
volume = {114},
issue = {526},
pages = {804--819}
}
@Article{Hyndman2011,
  author    = {Hyndman, Rob J and Ahmed, Roman A and Athanasopoulos, George and Shang, Han Lin},
  title     = {Optimal combination forecasts for hierarchical time series},
  journal   = {Computational Statistics and Data Analysis},
  year      = {2011},
  volume    = {55},
  pages     = {2579--2589},
  doi       = {10.1016/j.csda.2011.03.006},
}
@Article{Hyndman2016,
  author  = {Hyndman, Rob J and Lee, Alan J and Wang, Earo},
  title   = {Fast computation of reconciled forecasts for hierarchical and grouped time series},
  journal = {Computational Statistics and Data Analysis},
  year    = {2016},
  volume = {97},
  pages = {16-32}
}
@Article{Hyndman2008,
  author  = {Hyndman, Rob J and Khandakar, Yeasmin},
  title   = {Automatic time series forecasting: The forecast package for R},
  journal = {Journal of Statistical Software},
  year    = {2008},
  volume  = {27},
  number  = {3},
}
@article{Lawrance1980,
author = {Lawrance, A J and Lewis, P A W},
journal = {Journal of the Royal Statistical Society. Series B},
number = {2},
pages = {150--161},
title = {The exponential autoregressive-moving average {EARMA}(p, q) process},
volume = {42},
year = {1980}
}

@book{Lawson1974,
address = {New Jersey, NJ},
author = {Lawson, Charles L and Hanson, Richard J},
publisher = {Prentice-Hall},
title = {Solving Least Squares Problems},
year = {1974}
}

@article{Andrew1998,
author = {Andrew, Jeremy J and Hancewicz, Thomas M},
journal = {Applied Spectroscopy},
number = {6},
pages = {797--807},
title = {Rapid analysis of {Raman} image data using two-way multivariate curve resolution},
volume = {52},
year = {1998}
}

@article{Frassoldati2008,
author = {Frassoldati, G and Zanni, L and Zanghirati, G},
journal = {Journal of Industrial and Management Optimization},
number = {2},
pages = {299--312},
title = {New adaptive stepsize selections in gradient methods},
volume = {4},
year = {2008}
}

@article{Bonettini2009,
author = {Bonettini, S and Zanella, R and Zanni, L},
journal = {Inverse Problems},
number = {1},
title = {A scaled gradient projection method for constrained image deblurring},
volume = {25},
year = {2009}
}

@article{Kim2011,
author = {Kim, Jingu and Park, Haesun},
journal = {SIAM Journal on Scientific Computing},
number = {6},
pages = {3261--3281},
title = {Fast nonnegative matrix factorization: An active-set-like method and comparisons},
volume = {33},
year = {2011}
}

@article{Birgin2003,
author = {Birgin, Ernesto G and Mart{\'{i}}nez, Jos{\'{e}} Mario and Raydan, Marcos},
journal = {IMA Journal of Numerical Analysis},
number = {4},
pages = {539--559},
title = {Inexact spectral projected gradient methods on convex sets},
volume = {23},
year = {2003}
}

@incollection{Wang2012,
address = {London, England},
author = {Wang, Mu and Wang, Xiaoge},
booktitle = {High-performance scientific computing: {A}lgorithms and applications},
editor = {Berry, Michael W. and Gallivan, Kyle A. and Gallopoulos, Efstratios and Grama, Ananth and Philippe, Bernard and Saied, Faisal and Saad, Yousef},
pages = {295--310},
publisher = {Springer-Verlag},
title = {A jump-start of non-negative least squares solvers},
year = {2012}
}

@article{Barzilai1988,
author = {Barzilai, Jonathan and Borwein, Jonathan M},
journal = {IMA Journal of Numerical Analysis},
number = {1},
pages = {141--148},
title = {Two-point step size gradient methods},
volume = {8},
year = {1988}
}

@incollection{Chen2009,
address = {New Jersey, NJ},
author = {Chen, Donghui and Plemmons, Robert J},
booktitle = {The birth of numerical analysis},
editor = {Bultheel, Adhemar and Cools, Ronald},
pages = {109--140},
publisher = {World Scientific Publishing},
title = {Nonnegativity constraints in numerical analysis},
year = {2009}
}

@article{VanBenthem2004,
author = {{Van Benthem}, Mark H and Keenan, Michael R},
journal = {Journal of Chemometrics},
number = {10},
pages = {441--450},
title = {Fast algorithm for the solution of large-scale non-negativity-constrained least squares problems},
volume = {18},
year = {2004}
}

@article{Judice1994,
author = {J{\'{u}}dice, Joaquim J and Pires, Fernanda M},
journal = {Computers and Operations Research},
number = {5},
pages = {587--596},
title = {A block principal pivoting algorithm for large-scale strictly monotone linear complementarity problems},
volume = {21},
year = {1994}
}

@article{Cantar2004,
archivePrefix = {arXiv},
arxivId = {cs/0408029v1},
eprint = {cs/0408029v1},
author = {Cantarella, Jason and Piatek, Michael},
title = {Tsnnls: A solver for large sparse least squares problems with non-negative variables},
year = {2004}
}

@article{Figueiredo2007,
author = {Figueiredo, M A T and Nowak, R D and Wright, S J},
journal = {IEEE Journal of Selected Topics in Signal Processing},
number = {4},
pages = {586--597},
title = {Gradient projection for sparse reconstruction: Application to compressed sensing and other inverse problems},
volume = {1},
year = {2007}
}

@article{Bro1997,
author = {Bro, Rasmus and {De Jong}, Sijmen},
journal = {Journal of Chemometrics},
number = {5},
pages = {393--401},
title = {A fast non-negativity-constrained least squares algorithm},
volume = {11},
year = {1997}
}

@article{Gemperline2003,
author = {Gemperline, Paul J and Cash, Eric},
journal = {Analytical Chemistry},
number = {16},
pages = {4236--4243},
title = {Advantages of soft versus hard constraints in self-modeling curve resolution problems. Alternating least squares with penalty functions},
volume = {75},
year = {2003}
}

@article{Turl2015,
author = {Turlach, Berwin A. and Wright, Stephen J.},
journal = {Wiley Interdisciplinary Reviews: Computational Statistics},
number = {2},
pages = {153--159},
title = {Quadratic programming},
volume = {7},
year = {2015}
}

@article{Bertero2013,
author = {Bertero, M and Boccacci, P and Prato, M and Zanni, L},
journal = {EAS Publications Series},
pages = {325--356},
title = {Scaled gradient projection methods for astronomical imaging},
volume = {59},
year = {2013}
}

@article{Kost1978,
author = {Kostreva, Michael M.},
journal = {Linear Algebra and its Applications},
pages = {207--215},
title = {Block pivot methods for solving the complementarity problem},
volume = {21},
year = {1978}
}

@article{Murty1974,
author = {Murty, Katta G},
journal = {Opsearch},
number = {2-3},
pages = {123--130},
title = {Note on a {Bard}-type scheme for solving the complementarity problem},
volume = {11},
year = {1974}
}

@article{Judice1989,
author = {J{\'{u}}dice, Joaquim J and Pires, Fernanda M},
journal = {IMA Journal of Management Mathematics},
number = {1},
pages = {51--68},
title = {Bard-type methods for the linear complementarity problem with symmetric positive definite matrices},
volume = {2},
year = {1989}
}

@book{Nocedal2006,
address = {New York, NY},
author = {Nocedal, Jorge and Wright, Stephen J},
edition = {2},
editor = {Mikosch, Thomas V. and Resnick, Sidney I. and Robinson, Stephen M.},
publisher = {Springer Science and Business Media},
title = {Numerical Optimization},
year = {2006}
}

@BOOK{Johnson1994,
title     = "Continuous Univariate Distributions",
author    = "Johnson, Norman L and Kotz, Samuel and Balakrishnan, N",
publisher = "Wiley-Interscience",
volume    =  1,
edition = 2,
series    = "Wiley Series in Probability and Mathematical Statistics",
editor = {Barnett, V. and Bradley, Ralph A. and Fisher, Nicholas I. and Hunter, J. Stuart and Kadane, J. B. and Kendall, David G. and Smith, Adrian F. M. and Stigler, Stephen M. and Teugels, Jozef L. and Watson, Geoffrey S.},
year      =  1994,
address = {New York, NY},
}

@article{Karjalainen1991,
author = {Karjalainen, Erkki J. and Karjalainen, Ulla P.},
journal = {Analytica Chimica Acta},
pages = {169--179},
title = {{Component reconstruction in the primary space of spectra and concentrations. Alternating regression and related direct methods}},
volume = {250},
year = {1991}
}

@article{Berry2007,
author = {Berry, Michael W. and Browne, Murray and Langville, Amy N. and Pauca, V. Paul and Plemmons, Robert J.},
journal = {Computational Statistics and Data Analysis},
pages = {155--173},
title = {{Algorithms and applications for approximate nonnegative matrix factorization}},
volume = {52},
year = {2007}
}
